@article{chapelle2007training,
  title={Training a support vector machine in the primal},
  author={Chapelle, Olivier},
  journal={Neural Computation},
  volume={19},
  number={5},
  pages={1155--1178},
  year={2007},
  publisher={MIT Press}
}

@article{melacci2011laplacian,
  title={Laplacian support vector machines trained in the primal},
  author={Melacci, Stefano and Belkin, Mikhail},
  journal={The Journal of Machine Learning Research},
  volume={12},
  pages={1149--1184},
  year={2011},
  publisher={JMLR. org}
}

@book{rupnik2008stochastic,
  title={Stochastic Subgradient Approach for Solving Linear Support Vector Machines--An Overview},
  author={Rupnik, Jan},
  year={2008},
  publisher={SiKDD}
}

@inproceedings{pegasos,
 author = {Shalev-Shwartz, Shai and Singer, Yoram and Srebro, Nathan},
 title = {Pegasos: Primal Estimated sub-GrAdient SOlver for SVM},
 booktitle = {Proceedings of the 24th International Conference on Machine Learning},
 series = {ICML '07},
 year = {2007},
 location = {Corvalis, Oregon},
 pages = {807--814},
 numpages = {8},
 acmid = {1273598},
 publisher = {ACM},
 address = {New York, NY, USA},
} 

@inproceedings{milgram2006one,
  title={“One Against One” or “One Against All”: Which One is Better for Handwriting Recognition with SVMs?},
  author={Milgram, Jonathan and Cheriet, Mohamed and Sabourin, Robert and others},
  booktitle={Tenth International Workshop on Frontiers in Handwriting Recognition},
  year={2006}
}

@misc{menon,
	title={Large-Scale Support Vector Machines: Algorithms and Theory},
	author={Aditya Krishna Menon},
	url={http://cseweb.ucsd.edu/~akmenon/ResearchExam.pdf}
}



